<?xml version="1.0" encoding="UTF-8"?>
<collection xmlns:xsi="http://www.w3.org/2001/XMLSchema-instance" xsi:schemaLocation="http://www.loc.gov/MARC21/slim http://www.loc.gov/standards/marcxml/schema/MARC21slim.xsd" xmlns="http://www.loc.gov/MARC21/slim">
<record>
  <leader>00852cam a2200253I  4500</leader>
  <controlfield tag="001">5967907</controlfield>
  <controlfield tag="003">NNC</controlfield>
  <controlfield tag="005">20150920223135.0</controlfield>
  <controlfield tag="008">041116s1963    sy            000 j ararc</controlfield>
  <datafield tag="010" ind1=" " ind2=" ">
    <subfield code="a">ne 68001855 </subfield>
  </datafield>
  <datafield tag="029" ind1="1" ind2=" ">
    <subfield code="a">NLGGC</subfield>
    <subfield code="b">217291600</subfield>
  </datafield>
  <datafield tag="035" ind1=" " ind2=" ">
    <subfield code="a">(OCoLC)ocm56974807</subfield>
  </datafield>
  <datafield tag="035" ind1=" " ind2=" ">
    <subfield code="a">(NNC)5967907</subfield>
  </datafield>
  <datafield tag="040" ind1=" " ind2=" ">
    <subfield code="a">Princeton Univ. Libr.</subfield>
    <subfield code="c">IXA</subfield>
    <subfield code="d">ZCU</subfield>
  </datafield>
  <datafield tag="050" ind1="0" ind2="0">
    <subfield code="a">PJ7864.A384</subfield>
    <subfield code="b">R3</subfield>
  </datafield>
  <datafield tag="100" ind1="1" ind2=" ">
    <subfield code="a">Tāmir, Zakarīyā.</subfield>
  </datafield>
  <datafield tag="245" ind1="1" ind2="0">
    <subfield code="a">Rabīʻ fī al-ramād</subfield>
    <subfield code="c">[taʾlīf] Zakarīyā Tāmir.</subfield>
  </datafield>
  <datafield tag="250" ind1=" " ind2=" ">
    <subfield code="a">al-Ṭabʻah 1.</subfield>
  </datafield>
  <datafield tag="260" ind1=" " ind2=" ">
    <subfield code="a">Dimashq</subfield>
    <subfield code="b">al-Fann al-Ḥadīth al-ʻĀlamī</subfield>
    <subfield code="c">1963</subfield>
  </datafield>
  <datafield tag="300" ind1=" " ind2=" ">
    <subfield code="a">115 p.</subfield>
    <subfield code="c">19 cm.</subfield>
  </datafield>
  <datafield tag="490" ind1="1" ind2=" ">
    <subfield code="a">Silsilah al-qiṣaṣīyah ;</subfield>
    <subfield code="v">6</subfield>
  </datafield>
  <datafield tag="500" ind1=" " ind2=" ">
    <subfield code="a">At head of title: Wizārat al-Thaqāfah wa-al-Irshād al-Qawmī. Mudīrīyat al-taʾlīf wa-al-Tarjamah.</subfield>
  </datafield>
  <datafield tag="830" ind1=" " ind2="0">
    <subfield code="a">Silsilah al-qiṣaṣīyah ;</subfield>
    <subfield code="v">6.</subfield>
  </datafield>
  <datafield tag="955" ind1=" " ind2=" ">
    <subfield code="b">0026813386</subfield>
    <subfield code="d">glx</subfield>
    <subfield code="e">956.9 Sy27 v.6</subfield>
  </datafield>
</record>
</collection>